@article{refs1,
  title={巴西“3·21”大停电事故分析及对中国电网的启示},
  journal={电力系统自动化},
  volume={43},
  number={02},
  pages={7-15},
  year={2019},
}
@article{refs2,
author={Jaok.Han and Perfecto.Garcia.De Jalon and Gordon.K..Moe},
title={Adrenergic Effects on Ventricular Vulnerability},
journal={Circulation Research},
year={1964},
volume={14},
number={6},
pages={516-524},
month={1},
}
@article{refs3,
title = "Vulnerability of developing brain: VII. Permanent deficit of neurons in cerebral and cerebellar cortex following early mild undernutrition",
journal = "Experimental Neurology",
volume = "32",
number = "3",
pages = "439 - 447",
year = "1971",
author = "John Dobbing and J.W. Hopewell and Anthony Lynch",
}
@article{refs4,
  title={Selective vulnerability of the blood-brain barrier in chemically induced lesions},
  author={Steinwall, Oskar and Klatzo, Igor},
  journal={Journal of neuropathology and experimental neurology},
  volume={25},
  number={4},
  pages={542--559},
  year={1966}
}
@article{refs5,
  title={A hitherto undescribed vulnerability of the juxtamedullary glomeruli in lipoid nephrosis},
  author={Rich, A},
  journal={Bull John Hopkins Hosp},
  volume={100},
  pages={173--186},
  year={1957}
}
@article{refs6,
  title={Vulnerability of coastal environments to oil spill impacts},
  author={Gundlach, Erich R and Hayes, Miles O},
  journal={Marine technology society Journal},
  volume={12},
  number={4},
  pages={18--27},
  year={1978}
}
@article{refs7,
  title={A selective review of the ecological effects of human trampling on natural ecosystems},
  author={Liddle, M. J.},
  journal={Biological Conservation},
  volume={7},
  number={1},
  pages={17-36},
  year={1975},
}
@article{refs8,
  title={Assessing species vulnerability to climate change},
  author={Pacifici, Michela and Foden, Wendy B. and Visconti, Piero and Watson, James E. M. and Butchart, Stuart H. M. and Kovacs, Kit M. and Scheffers, Brett R. and Hole, David G. and Martin, Tara G. and Akçakaya, H. Resit},
  journal={Nature Climate Change},
  volume={5},
  number={3},
  pages={215-225},
  year={2015},
}
@phdthesis{refs9,
  title={东江流域土地利用及对生态环境脆弱性影响分析},
  school={江西理工大学},
  year={2018},
}
@article{refs10,
  title={Vulnerability to environmental hazards:},
  author={Cutter, Susan L.},
  journal={Progress in Human Geography},
  volume={20},
  number={4},
  pages={529-539},
  year={1996},
}
@article{refs11,
  title={The assessment of community vulnerability to acute hazardous materials incidents},
  author={Gabor, Tom and Griffith, Terri K.},
}

@article{refs12,
  title={The Financial Instability Hypothesis: Capitalist Processes and the Behavior of the Economy},
  author={Minsky, Ph. D and Hyman, P},
  year={1979},
}
@article{refs13,
  title={A model of reserves, bank runs, and deposit insurance},
  author={Bryant, John},
  journal={Journal of banking \& finance},
  volume={4},
  number={4},
  pages={335--344},
  year={1980},
  publisher={Elsevier}
}
@article{refs14,
  title={Robust, Fragile, or Optimal?},
  author={Keel, L. H. and Bhattacharyya, S. P.},
  journal={Automatic Control IEEE Transactions on},
  volume={42},
  number={8},
  pages={1098-1105},
  year={1997},
}
@article{refs15,
  title={Dynamic Security Risk Management Using Bayesian Attack Graphs},
  author={Poolsappasit, Nayot and Dewri, Rinku and Ray, Indrajit},
  journal={IEEE Transactions on Dependable & Secure Computing},
  volume={9},
  number={1},
  pages={61-74},
  year={2012},
}
@article{refs16,
  title={Distributed Attack Graph Generation},
  author={Kaynar, Kerem and Sivrikaya, Fikret},
  journal={IEEE Transactions on Dependable & Secure Computing},
  volume={13},
  number={5},
  pages={519-532},
  year={2016},
}
@article{refs17,
  title={计算机网络脆弱性评价研究},
  author={董良喜 and 王嘉祯},
  journal={计算机工程与应用},
  volume={39},
  number={20},
  pages={157-160},
  year={2003},
}
@article{refs18,
  title={黄河三角洲人地系统脆弱性演化特征及其影响因素},
  journal={经济地理},
  number={6},
  pages={198-204},
  year={2019},
}
@article{refs19,
  title={基于遥感和GIS技术的生态环境脆弱性评估模型研究},
  journal={环境科学与管理},
  volume={43},
  number={11},
  pages={147-150},
  year={2018},
}
@article{refs20,
  title={关于气候变化影响地区脆弱性的数学模型研究},
  journal={数学学习与研究},
  year={2019},
}
@article{refs21,
  title={脆弱性研究进展:从理论研究到综合实践},
  journal={生态学报},
  volume={39},
  number={2},
  pages={441-453},
  year={2019},
}
@article{refs22,
  title={金融体系的结构脆弱性及其系统性风险},
  author={许友传},
  journal={复旦学报(社会科学版)},
  volume={60},
  number={4},
  pages={129-141},
  year={2018},
}
@article{refs23,
  title={中国金融体系脆弱性指标体系构建及风险因素分解},
  journal={上海金融},
  number={10},
  pages={12-22},
  year={2018},
}
@phdthesis{refs24,
  title={金融脆弱性：微观机制与治理路径},
  school={南开大学},
  year={2009},
}
@book{refs25,
  title={计算机网络与信息安全技术},
  year={2008},
}
@article{refs26,
  title={基于攻防博弈的SCADA系统信息安全评估方法},
  author={黄慧萍 and 肖世德 and 孟祥印},
  journal={计算机工程与科学},
  volume={39},
  number={5},
  pages={877-884},
  year={2017},
}
@phdthesis{refs27,
  title={城市轨道交通网络脆弱性研究},
  school={西南交通大学},
  year={2015},
}
@article{refs28,
  title={道路交通网络脆弱性评估研究现状与展望},
  author={尹洪英 and 徐丽群},
  journal={交通运输系统工程与信息},
  volume={10},
  number={3},
  pages={7-13},
  year={2010},
}
@article{refs29,
  title={基于AHP-灰色关联度的复杂电网节点综合脆弱性评估},
  journal={电力系统保护与控制},
  volume={46},
  number={23},
  pages={86-93},
  year={2018},
}
@phdthesis{refs30,
  title={基于概率盒理论的电网规划指标相关性分析及融合方法的研究},
  year={2016},
}
@book{refs31,
  title={复杂系统的脆性理论及应用},
  year={2010},
}
@article{refs32,
  title={电力系统脆弱性理论研究},
  journal={电力自动化设备},
  volume={29},
  number={7},
  pages={38-43},
  year={2009},
}