%%%%%%%卫星文献%%%%%%%%%%%%%%%%%%%%%%%%%%%%%%%%%%%
@article{Li2015,
title={基于S3R架构的电源控制器优化设计与可靠性},
author={李冬辉 and 高金艳},
journal={哈尔滨工业大学学报},
volume={47},
number={4},
pages={93--98},
year={2015}
}

@article{GaAs2014,
  title={Influence of multi-junction GaAs solar array parasitic capacitance in S3R and solving methods for high power applications},
  author={ZHU Hongyu, ZHANG Donglai},
  journal={Power Electronics IEEE Transactions},
  volume={29},
  number={1},
  pages={179 - 190},
  year={2014}
}

%%%%%%%卫星系统脆弱性%%%%%%%%%%%%%%%%%%%%%%%%%%%%%%%%
@article{Yan2013,
title={GNSS脆弱性环境仿真系统设计},
author={严凯 and 战兴群},
journal={传感器与微系统},
volume={32},
number={2},
pages={111--115},
year={2013}
}

@article{Liu2015,
title={卫星导航系统脆弱性评估与对策},
author={刘春保},
journal={卫星应用},
volume={4},
pages={49--54},
year={2015}
}

@article{Wang2014,
title={卫星S3R功率调节电源系统稳定性分析},
author={王乐乐 and 刘元默 and 鄢婉娟},
journal={航天器工程},
volume={23},
number={5},
pages={58--64},
year={2014}
}

@phdthesis{Li2015phd,
  title={卫星应用系统脆弱性研究},
  author={李志云},
  year={2015},
  address={北京},
  school={北京理工大学管理与经济学院}
}


@mastersthesis{Luo2011master,
  title={低轨卫星电源系统设计},
  author={罗顺},
  year={2011},
  address={天津},
  school={南开大学计算机与控制工程学院}
}

@mastersthesis{Gao2014master,
  title={航天电源系统优化设计与可靠性研究},
  author={高金艳},
  year={2014},
  address={天津},
  school={天津大学电气与自动化工程学院}
}
%%%%%%%电子元件建模%%%%%%%%%%%%%%%%%%%%%%%%%%%%%%%%
@article{RG1996,
title={Temperature dependence of Q in spiral inductors fabricated in a silicon-germanium/BiCMOS technology},
author={R Groves, K Stein, D Harame, D Jadus},
journal={IEEE Journal of Solid-State Circuits},
volume={32},
number={9},
pages={1455--1459},
year={1996}
}

@article{Fer1998,
title={Ferroelectric films prepared by laser ablation directly on SiC substrate},
author={D. Mou, J. Linnros, C. S. Petersson},
journal={Journal of Applied Physics},
volume={84},
number={10},
pages={5785--5789},
year={1998}
}

@article{Review2016,
title={A Review of the Condition Monitoring of Capacitors in Power Electronic Converters},
author={Hammam Soliman, Huai Wang, Fresde Blaabjerg},
journal={IEEE Transactions on Industry Applications},
volume={52},
number={6},
pages={4976--4989},
year={2016}
}

@article{ConMon2010,
title={Condition Monitoring for Device Reliability in Power Electronic Converters : A Review},
author={Shaoyong Yang, Dawei Xiang, Angus Bryant, Philip Mawby},
journal={IEEE Transactions on Power Electronics},
volume={25},
number={11},
pages={2734--2752},
year={2010}
}

@article{Fail1998,
title={Failure Prediction of Electrolytic Capacitors During Operation of a Switchmode Power Supply},
author={Amine Lahyani,Pascal Venet, Guy Grellet, Pierre-Jean Viverge},
journal={IEEE Transactions on Power Electronics},
volume={13},
number={6},
pages={1199--1207},
year={1998}
}

@inproceedings{LifeC2004,
  title={Life Consumption Monitoring for Electronics Prognostics},
  author={Satchidananda Mishra, Sathyanarayan Ganesan, Michael Pecht, Jingsong Xie},
  booktitle={2004 IEEE Aerospace Conference Proceedings},
  pages={3455-3467},
  year={2004},
  organization={IEEE}
}

@inproceedings{AirC2008,
  title={Air core inductors study for DC/DC power supply in harsh radiation environment},
  author={S Michelis, F Faccio, P Jarron, M Kayal},
  booktitle={Joint International IEEE Northeast Workshop on Circuits & Systems & Taisa Conference},
  pages={105--108},
  year={2008},
  organization={IEEE}
}

@inproceedings{Gamma2017,
  title={Gamma radiation in ceramic capacitors : a study for space missions},
  author={Eduardo dos Santos Ferreira, Juliana Sarango Souza},
  booktitle={Journal of Physics : Conference Series 911},
  pages={1--5},
  year={2017},
  organization={IEEE}
}

@phdthesis{GIT2010master,
  title={Silicon-Germanium Devices and Circuits for Cryogenic and High-Radiation Space Environments},
  author={Edward Wilcox},
  year={2010},
  address={Georgia},
  school={Georgia Institute of Technology}
}

@phdthesis{Poland2006phd,
  title={The Impact of Radiation on Electronic Devices with the Special Consideration of Neutron and Gamma Radiation Monitoring},
  author={Dariusz Makowski},
  year={2006},
  address={Poland},
  school={Technical University of  Lodz}
}

@article{JD2010,
title={Silicon-germanium as an enabling technology for extreme environment electronics},
author={J.D Cressler},
journal={IEEE Transactions on Device and Materials Reliability},
volume={10},
number={4},
pages={437--448},
year={2010}
}

@inproceedings{SB2005,
  title={Characterization and modeling of $AI_2O_3$ MIM capacitors : Temperature and electrical field effects},
  author={S. Becu, S. Cremer, O. Noblanc},
  booktitle={Proceedings of the 35th European Solid-State Device Research Conference},
  pages={265--268},
  year={2005},
  organization={IEEE}
}
%%%%%%%脆弱性%%%%%%%%%%%%%%%%%%%%%%%%%%%%%%%%%%%%
@article{JOSEPH2006,
  title={Reliability improvement experiments with degradation data},
  author={JOSEPH V R, YU I T},
  journal={IEEE Transactions on Reliability},
  volume={55},
  number={1},
  pages={149 - 157},
  year={2006}
}

@inproceedings{TN2003,
  title={A framework for vulnerability analysis in sustainability science},
  author={Turner.B.L, Roger E Kasperson, Pamela A Matson},
  booktitle={Proceedings of the National Academy of Sciences of the United States of America},
  pages={8074--8079},
  year={2003},
  organization={National Academy of Sciences of the United States}
}

@article{Nkhuwa2003Human,
  title={Human activities and threats of chronic epidemics in a fragile geologic environment},
  author={Nkhuwa, D. C. W},
  journal={Physics and Chemistry of the Earth Parts A/b/c},
  volume={28},
  number={20–27},
  pages={1139-1145},
  year={2003},
}

@article{QIAO2008,
title={生态脆弱性综合评价方法与应用},
author={乔青 and 高吉喜 and 王维 },
journal={环境科学研究},
volume={21},
number={5},
pages={117--123},
year={2008}
}

@article{Lili2010,
title={脆弱性内涵、评价与研究趋势综述},
author={李莉 and 王晓婷 and 王辉},
journal={中国渔业经济},
volume={3},
pages={161--169},
year={2011}
}

@article{HAN1964,
  title={Adrenergic Effects on Ventricular Vulnerability},
  author={J Han, PGD Jalon, GK Moe},
  journal={Circulation Research},
  volume={14},
  number={6},
  pages={516 - 524},
  year={1964}
}

@article{Fingleton2015,
  title={Shocking aspects of monetary union: the vulnerability of regions in Euroland},
  author={Fingleton, Bernard and Garretsen, Harry and Martin, Ron},
  journal={Journal of Economic Geography},
  volume={15},
  number={5},
  year={2015}
}

@inproceedings{Blanchini1998Control,
  title={Control of ATM networks: fragility and robustness issues},
  author={Blanchini, F. and Cigno, R. Lo and Tempo, R.},
  booktitle={American Control Conference, 1998. Proceedings of the},
  pages={2847-2851 vol.5},
  year={1998},
}

@inproceedings{Makila1999Fragility,
  title={Fragility and robustness puzzles},
  author={Makila, P. M},
  booktitle={American Control Conference, 1999. Proceedings of the},
  pages={2914-2919 vol.4},
  year={1999},
}

@article{Bessa2017Formal,
  title={Formal Non-Fragile Stability Verification of Digital Control Systems with Uncertainty},
  author={Bessa, Iury and Ismail, Hussama and Palhares, Reinaldo and Cordeiro, Lucas and Filho, Joa Edgar Chaves},
  journal={IEEE Transactions on Computers},
  volume={66},
  number={3},
  pages={545-552},
  year={2017},
}

@article{Dong2003Computerfragile,
  title={计算机网络脆弱性评价研究},
  author={董良喜 and 王嘉祯},
  journal={计算机工程与应用},
  volume={39},
  number={20},
  pages={157-160},
  year={2003},
}

@article{GF1945,
  title={Human Adjustment to Floods : A Geographical Approach to the Flood Problem in the United State},
  author={GF White},
  journal={University of Chicago},
  year={1945}
}

@article{Miche2015,
  title={Assessing species vulnerability to climate change},
  author={Michela Pacifici, Wendy B. Foden, Piero Visconti},
  journal={Nature Climate Change},
  volume={5},
  number={3},
  pages={215 - 224},
  year={2015}
}

@book{Toronto1981,
  title={Vulnerability. Resilience and the collapse of society : A review of models and possible climatic applications},
  author={P Timmerman},
  volume={1},
  year={1981},
  address={Toronto},
  publisher={ENV MONOGRAPH}
}

@article{K1992,
  title={Exploring differences in our common futures(s) : the meaning of vulnerability to global environmental change},
  author={K Dow},
  journal={Geoforum},
  volume={23},
  number={3},
  pages={417 - 436},
  year={1992}
}

@article{SL1996,
  title={Vulnerability to environmental hazards},
  author={SL Cutter},
  journal={Progress in Human Geography},
  volume={20},
  number={4},
  pages={529 - 539},
  year={1996}
}

@article{TG1979,
  title={The assessment of community vulnerability to acute hazardous materials incidents},
  author={T Gabor, TK Griffith},
  journal={Journal of Hazardous Materials},
  volume={3},
  number={4},
  pages={323 - 333},
  year={1979}
}

@article{WC1988,
  title={Bringing Social Theory to Hazards Research : Conditions and Consequences of the Mitigation of Environmental Hazards},
  author={WC Bogard},
  journal={Sociological Perspectives},
  volume={31},
  number={2},
  pages={147 - 168},
  year={1988}
}

@article{SC2008,
  title={Quantitatively assessing the vulnerability of critical information systems : A new method for evaluating security enhancements},
  author={SC Patel, JH Graham, P Ralston},
  journal={International Journal of Information Management},
  volume={28},
  number={6},
  pages={483 - 491},
  year={2008}
}

@article{HK2015,
  title={Assessment of drought hazard, vulnerability and risk : A case study for administrative districts in South Korea},
  author={H Kim, J Park, J Yoo},
  journal={Journal of Hydro-environment Research},
  volume={9},
  number={1},
  pages={28 - 35},
  year={2015}
}

@article{IK2015,
  title={Climate Change's Role in Disaster Risk Reduction's Future: Beyond Vulnerability and Resilience},
  author={Kelman, Gaillard, Mercer},
  journal={Inernational Journal of Disaster Risk Science},
  volume={6},
  number={1},
  pages={21 - 27},
  year={2015}
}

@article{Rural2015,
  title={ Rural–Urban Migration, Household Vulnerability, and Welfare in Vietnam},
  author={LD Nguyen, K Raabe, U Grote},
  journal={World Development},
  volume={71},
  pages={79 - 93},
  year={2015}
}

@article{Transport2015,
  title={Transport resilience and vulnerability: The role of connectivity},
  author={A Reggiani, P Nijkamp, D Lanzi},
  journal={Transportation Research Part A},
  volume={81},
  pages={4 - 15},
  year={2015}
}

@article{Road2015,
  title={Road network vulnerability analysis: Conceptualization, implementation and application },
  author={E Jenelius, LG Mattsson},
  journal={Computers Environments & Urban Systems},
  volume={49},
  pages={136 - 147},
  year={2015}
}

@article{Road2015,
  title={Power-generation system vulnerability and adaptation to changes in climate and water resources},
  author={MTHV Vliet, D Wiberg, S Leduc, K Riahi},
  journal={Nature Climate Change},
  volume={6},
  number={4},
  pages={1 - 27},
  year={2016}
}

@article{Tao2006,
title={区域生态环境脆弱性评价——以西藏“一江两河”地区为例},
author={陶和平 and 高攀 and 钟祥浩},
journal={山地学报},
volume={24},
number={6},
pages={761--768},
year={2006}
}

@article{Bai2008PowerSystemfragile,
  title={电力系统脆弱性评估方法综述},
  author={白加林 and 刘天琪 and 曹国云},
  journal={电网技术},
  volume={s2},
  pages={26-30},
  year={2008},
}

@article{Xu2009,
title={生态脆弱性及其研究进展},
author={徐广才 and 康慕谊 and 贺丽娜},
journal={生态学报},
volume={29},
number={5},
pages={2578--2588},
year={2009}
}

@article{Pan2008,
title={系统响应气候变化脆弱性定量评价国内研究综述},
author={潘护林},
journal={环境科学与管理},
volume={33},
number={9},
pages={30--35},
year={2008}
}

@article{Shi2011,
title={自然灾害脆弱性研究进展},
author={石勇 and 许世远 and 石纯},
journal={自然灾害学报},
volume={2},
pages={131--137},
year={2011}
}

@article{Zai2013,
title={灾害脆弱性概念模型综述},
author={商彦蕊},
journal={灾害学},
volume={28},
number={1},
pages={112--116},
year={2013}
}

@phdthesis{Tan2012phd,
  title={中国沿海地区风暴潮灾害综合脆弱性评估},
  author={谭丽荣},
  year={2012},
  address={上海},
  school={华东师范大学资源与环境科学学院}
}

@article{Tang2000,
title={全球气候变化下水资源脆弱性及其评估方法},
author={唐国平 and 刘燕华},
journal={地球科学进展},
volume={15},
number={3},
pages={313--317},
year={2000}
}

@article{Xu2013,
title={计算机系统的稳定性与脆弱性评估分析},
author={徐新 and 杨兰芹},
journal={煤炭技术},
volume={32},
number={4},
pages={148--150},
year={2013}
}

@article{Yang2012,
title={我国经济系统脆弱性与可持续发展牵扯 : 15年样本},
author={杨爱婷 and 武剑},
journal={改革},
volume={2},
pages={25--33},
year={2012}
}

@article{Li2008,
title={阜新市社会系统的脆弱性研究},
author={李博 and 佟连军},
journal={安徽农业科学},
volume={36},
number={14},
pages={6078--6079},
year={2008}
}

@article{Keel1997,
  title={Robust, fragile, or optimal?},
  author={LH Keel, SP Bhattacharyya},
  journal={ IEEE Transactions on Automatic Control},
  volume={42},
  number={8},
  pages={1098 - 1105},
  year={1997}
}

@article{JF2001,
  title={Reduction of controller fragility by pole sensitivity minimization},
  author={JF Whidborne, RSH Istepanian, J Wu},
  journal={ IEEE Transactions on Automatic Control},
  volume={46},
  number={2},
  pages={320 - 325},
  year={2001}
}

@article{Comments1998,
  title={Comments on "Robust, fragile, or optimal?"[with reply]},
  author={P.M. Makila, L.H. Keel, S.P. Bhattacharyya},
  journal={ IEEE Transactions on Automatic Control},
  volume={43},
  number={9},
  pages={1265 - 1268},
  year={1998}
}

@article{HZ2013,
title={控制系统的脆弱性分析},
author={何朕 and 王广雄 and 张静},
journal={控制理论与应用},
volume={30},
number={1},
pages={95--100},
year={2013}
}

@article{HZ2011,
title={控制系统的脆弱性与鲁棒性},
author={何朕 and 饶丹 and 王广雄},
journal={电机与控制学报},
volume={15},
number={4},
pages={80--84},
year={2011}
}
%%%%%%%%%%%Robust%%%%%%%%%%%%%%%%%%%%%%%%%%%%%%%%%%%
@article{Ngoc2016,
  title={Explicit robustness and fragility margins for linear discrete systems with piecewise affine control law ☆},
  author={Ngoc Anh Nguyen, Sorin Olaru, Pedro Rpdriguez-Ayerbe},
  journal={Automatica},
  volume={68},
  pages={334 - 343},
  year={2016}
}
%%%%%%%%%%%Buck电源%%%%%%%%%%%%%%%%%%%%%%%%%%%%%%%%%%
@book{BuckXu,
  title={电力电子系统建模及控制},
  author={徐德鸿},
  volume={1},
  year={2005},
  address={北京},
  publisher={机械工业出版社}
}
@book{GJB,
  title={中华人民共和国国家军用标准},
  author={微电子器件试验方法和程序},
  volume={GJB 548B},
  year={2005},
  address={北京},
  publisher={中国人民解放军总装备部}
}
%%%%%%%%%%%%可靠性%%%%%%%%%%%%%%%%%%%%%%%%%%%%%%%%%%%%%%
@article{GU2004CZ,
  title={CZ-2F火箭可靠性技术},
  author={谷岩},
  journal={导弹与航天运载技术},
  volume={1},
  pages={13-19},
  year={2004},
}

@inproceedings{Plante2005Environmental,
  title={Environmental Conditions for Space Flight Hardware: A Survey},
  author={Plante, Jeannette and Lee, Brandon},
  booktitle={ Internal NASA Parts and Packaging Program Report},
  year={2005},
}

@article{Zhang2001Environment,
  title={国外运载器、航天器从地面到空间自然环境标准综述},
  author={张小达 and 吕维鉴},
  journal={航天标准化},
  volume={1},
  pages={29-33},
  year={2001},
}

@article{Chen2007ReliabilityEnviron,
  title={高可靠元器件的使用环境、试验条件和失效机理},
  author={陈颖 and 孙博 and 谢劲松 },
  journal={电子产品可靠性与环境试验},
  volume={25},
  number={6},
  pages={23-30},
  year={2007},
}

@article{Colby1965Environmental,
  title={Environmental and Life Testing of High Reliability Magnetic Components},
  author={Colby, F and Ursch, R. R},
  journal={Parts Materials and Packaging IEEE Transactions on},
  volume={1},
  number={1},
  pages={109-114},
  year={1965},
}
%%%%%%%%%%%%%%%%%%手册%%%%%%%%%%%%%%%%%%%%%%%%%%%%%
@article{1993Handbook,
  title={Handbook for the USAF space environment standard (MIL-STD-1809)},
  author={The Aerospace Corporation},
  year={1993},
}

@book{Drolshagen2015Update,
  title={Update of the ECSS space environment standard},
  author={Drolshagen, Gerhard},
  year={2015},
}
@article{NASA1993,
  title={Terrestrial environment (Climatic) criteria handbook for use in aerospace vehicle development},
  year={1993},
  journal={NASA Technical Handbook},
  author={National Aeronautics and Space Administration},
}
@inproceedings{Ieee19971156,
  title={1156.4-1997 - IEEE Standard for Environmental Specifications for Spaceborne Computer Modules},
  author={Ieee, Bwmeta. Element.},
  pages={0-1},
  year={1997},
}
%%%%%%%%%%第二章电子元件%%%%%%%%%%%%%%%%%%%%%%%%%%%%%%%%%%%%%%%%
@book{Cressler2013Extreme,
  title={Extreme environment electronics},
  author={Cressler, John D},
  publisher={CRC Press, Taylor,  Francis Group},
  year={2013},
}

@article{Lightsey2004Optical,
  title={Optical performance for the James Webb Space Telescope},
  author={Lightsey, Paul A., Barto, Allison A., Contreras, James},
  journal={Proc Spie},
  volume={9143},
  year={2004},
}

@inproceedings{Son2010GaN,
  title={GaN-based high-temperature and radiation-hard electronics for harsh environments},
  author={Son, Kyung Ah and Liao, Anna and Lung, Gerald and Gallegos, Manuel and Hatake, Toshiro and Harris, Richard D. and Scheick, Leif Z. and Smythe, William D.},
  booktitle={Micro- and Nanotechnology Sensors, Systems, and Applications II},
  pages={89-95},
  year={2010},
}

@article{Johnson2002High,
  title={High temperature automotive electronics},
  author={Johnson, R. Wayne and Evans, J. L. and Jacobsen, P. and Thompson, R.},
  journal={Spie Proceedings},
  volume={4828},
  pages={69-79},
  year={2002},
}

@article{Jaeger1953Conduction,
  title={Conduction of heat in a solid with periodic boundary conditions, with an application to the surface temperature of the moon},
  author={Jaeger, J. C.},
  journal={Mathematical Proceedings of the Cambridge Philosophical Society},
  volume={49},
  number={2},
  pages={355-359},
  year={1953},
}

@article{Stassinopoulos1988Space,
  title={Space radiation environment for electronics},
  author={Stassinopoulos, E. G and Raymond, James P},
  journal={Proceedings of the IEEE},
  volume={76},
  number={11},
  pages={1423-1442},
  year={1988},
}

@article{Dodd2010Current,
  title={Current and Future Challenges in Radiation Effects on CMOS Electronics},
  author={Dodd, P. E. and Shaneyfelt, M. R. and Schwank, J. R. and Felix, J. A.},
  journal={IEEE Transactions on Nuclear Science},
  volume={57},
  number={4},
  pages={1747-1763},
  year={2010},
}

@article{Yaselli2008Studying,
  title={Studying the Time Response of a Vacuum Phototriode and Measurement of Gamma Radiation Damage to High Voltage Capacitors and Resistors},
  author={Yaselli, Ignacio and Hobson, Peter},
  journal={Brunel University},
  year={2008},
}

@article{Lum2004New,
  title={New experimental findings for single-event gate rupture in MOS capacitors and linear devices},
  author={Lum, G. K. and Boruta, N. and Baker, J. M. and Robinette, L. and Shaneyfelt, M. R. and Schwank, J. R. and Dodd, P. E. and Felix, J. A.},
  journal={IEEE Transactions on Nuclear Science},
  volume={51},
  number={6},
  pages={3263-3269},
  year={2004},
}

@article{Sternberg2006Single,
  title={Single-Event Sensitivity and Hardening of a Pipelined Analog-to-Digital Converter},
  author={Sternberg, A. L. and Massengill, L. W. and Hale, M. and Blalock, B.},
  journal={IEEE Transactions on Nuclear Science},
  volume={53},
  number={6},
  pages={3532-3538},
  year={2006},
}

@inproceedings{Michelis2008Air,
  title={Air core inductors study for DC/DC power supply in harsh radiation environment},
  author={Michelis, S. and Faccio, F. and Jarron, P. and Kayal, M.},
  booktitle={Joint  International IEEE Northeast Workshop on Circuits and Systems and Taisa Conference, 2008. Newcas-Taisa},
  pages={105-108},
  year={2008},
}

@article{Rito2013Communications,
  title={Communications System for Down-Hole Measurements},
  author={Rito, Mijarez Castro and Joaquín, Rodríguez Rodríguez H. and David, Pascasio Maldonado and Ricardo, Guevara Gordillo},
  journal={Journal of Applied Research and Technology},
  volume={11},
  number={6},
  pages={903-911},
  year={2013},
}

@article{Presidio2016Electrical,
  title={Electrical devices and methods for manufacturing same},
  author={Presidio Components, Inc},
  year={2016},
}

@inproceedings{Li2005SpaceRadiation,
  title={空间辐照环境对电子元器件的影响及其对策},
  author={李应选},
  booktitle={中国宇航学会首届学术年会},
  year={2005},
}

@book{Wang2006Electronic,
  title={电子产品制造技术},
  author={王卫平},
  publisher={清华大学出版社},
  year={2006},
}

@book{Dong2006Sensor,
  title={传感技术与系统},
  author={董永贵},
  publisher={清华大学出版社},
  year={2006},
}

@inproceedings{Cook2013Capabilities,
  title={Capabilities and Accommodations on the ISS EXPRESS Pallet},
  author={Cook, Gene},
  booktitle={Aiaa Aerospace Sciences Meeting and Exhibit},
  year={2013},
}

@article{Wilcox2010Silicon,
  title={Silicon-germanium devices and circuits for cryogenic and high-radiation space environments},
  author={Wilcox, Edward},
  journal={Georgia Institute of Technology},
  year={2010},
}

@article{Axness1991Radiation,
  title={Radiation characteristics of SIPOS and polysilicon resistors},
  author={Axness, C. L. and Riewe, L. and Reber, R. A. and Liang, A. Y.},
  journal={IEEE Transactions on Nuclear Science},
  volume={38},
  number={6},
  pages={1365-1369},
  year={1991},
}

@article{Cressler2001Proton,
  title={Proton radiation response of SiGe HBT analog and RF circuits and passives},
  author={Cressler, J. D. and Hamilton, M. C. and Krithivasan, R. and Ainspan, H.},
  journal={IEEE Transactions on Nuclear Science},
  volume={48},
  number={6},
  pages={2238-2243},
  year={2001},
}
%%%%%%%%%%%%%%%%第三章%%%%%%%%%%%%%%%%%%%%%%%%%%%%%%%%%%%
@book{Feng1995Robust,
  title={鲁棒控制系统设计},
  author={冯纯伯},
  publisher={东南大学出版社},
  year={1995},
}

@book{Kuntzevich1992Guaranteed,
  title={Guaranteed Estimates, Adaptation and Robustness in Control Systems},
  author={Kuntzevich, V. M. and Lychak, M. M.},
  publisher={Springer-Verlag},
  pages={173-182},
  year={1992},
}

@book{Hu2013Automation,
  title={自动控制原理基础教程},
  author={胡寿松},
  publisher={科学出版社},
  year={2013},
}

@article{Chen2000Reliable1,
  title={风电场的发电可靠性模型及其应用},
  author={陈树勇 and 戴慧珠 and 白晓民},
  journal={中国电机工程学报},
  volume={20},
  number={3},
  pages={26-29},
  year={2000},
}

@article{Tian2010Reliable,
  title={Reliable control for networked control systems with probabilistic actuator fault and random delays},
  author={Tian and Engang and Yue and Dong and Peng and Chen},
  journal={Journal of the Franklin Institute},
  volume={347},
  number={10},
  pages={1907-1926},
  year={2010},
}

@article{Wan2003Reliable2,
  title={配电网可靠性评估的网络等值法模型研究},
  author={万国成 and 任震 and 田翔},
  journal={中国电机工程学报},
  volume={23},
  number={5},
  pages={48-52},
  year={2003},
}

@article{Guo2001Reliable3,
  title={电力系统及电力设备的可靠性},
  author={郭永基},
  journal={电力系统自动化},
  volume={25},
  number={17},
  pages={53-56},
  year={2001},
}

@article{Biocca2015Toward,
  title={Toward a More Robust Theory and Measure of Social Presence: Review and Suggested Criteria},
  author={Biocca, Frank and Harms, Chad and Burgoon, Judee K.},
  journal={Presence},
  volume={12},
  number={5},
  pages={456-480},
  year={2015},
}

@inproceedings{Cheng2011Adaptive,
  title={Adaptive robust control of tracking and synchronization for multi-axis motion system},
  author={Cheng, M. H and Bakhoum, E. G},
  booktitle={American Control Conference},
  pages={1-6},
  year={2011},
}

@book{Shi2003RobustControl,
  title={鲁棒控制理论},
  author={史忠科},
  publisher={国防工业出版社},
  year={2003},
}

@article{Keel2010Control,
  title={Control system design for parametric uncertainty},
  author={Keel, L. H and Bhattacharyya, S. P},
  journal={International Journal of Robust and Nonlinear Control},
  volume={4},
  number={1},
  pages={87-100},
  year={2010},
}

@article{Zhao2016FlightControl,
  title={飞行器控制系统中不确定性的估计方法综述},
  author={赵红超 and 高建华 and 徐君明},
  journal={飞航导弹},
  number={10},
  pages={89-94},
  year={2016},
}

@inproceedings{Yang2000UncertaintyControl,
  title={高能耗行业中不确定性系统的控制问题},
  author={杨志 and 邓仁明 and 谢昭莉},
  booktitle={全国自动化科学技术应用学术会议},
  year={2000},
}

@article{Hu2001Uncertainty,
  title={不确定性控制系统的成因、分类与控制策略},
  author={胡刚 and 刘永清 and 李远清},
  journal={工业工程},
  volume={4},
  number={1},
  pages={49-52},
  year={2001},
}
%%%%%%%%%%%%%%%%%%%第五章%%%%%%%%%%%%%%%%%%%%%%%%%%%%%%%
@article{Xin2007S3R,
  title={S3R and S4R Control Strategy Analysis and Simulation},
  author={Xin, M. A. and Zhang, Dong Lai and Dian-Guo, X. U.},
  journal={Measurement and Control Technology},
  volume={26},
  number={6},
  pages={45-45},
  year={2007},
}

@inproceedings{Rouzies2015Analysis,
  title={Analysis of a particular working mode of S3R type regulator},
  author={Rouzies, C. and Tastet, P.},
  booktitle={Power Electronics Specialists Conference},
  pages={73-81},
  year={2015},
}

@article{Guo2010SpacePower,
  title={空间电源功率调节技术综述},
  author={郭显鑫 and 郭祖佑 and 王卫国},
  journal={上海航天},
  volume={27},
  number={3},
  pages={30-39},
  year={2010},
}

@article{Wang2012Development,
  title={Development of High-Power PCU Ground Test System},
  author={Wang, Chao and Zhang, Dong Lai and Yong, L. I. and Tie cai, L. I.},
  journal={Measurement and Control Technology},
  year={2012},
}
%%%%%%%%%%%%%%层次分析法%%%%%%%%%%%%%%%%%%%%%%%%%%%%%%%%%%%%
@article{Deng2012AHP,
  title={层次分析法权重计算方法分析及其应用研究},
  author={邓雪 and 李家铭 and 曾浩健},
  journal={数学的实践与认识},
  volume={42},
  number={7},
  pages={93-100},
  year={2012},
}

@Book{companion,
 author    = "Michel Goosens and Frank Mittelbach and Alexander Samarin",
 title     = "The {\LaTeX} Companion",
 publisher = "Addison-Wesley Publishing Company",
 address   = "Reading, MA",
 PAGES = "112--125",
 year      = 1994,
}

@ARTICLE{ELIDRISSI94,
  AUTHOR =       "{Chafik El Idrissi}, M. and {Roney}, A. and {Frigon}, C. and
                  {Larzilli{\`e}re}, M.",
  TITLE =        "Measurements of total kinetic-energy released to the {$N=2$}
                  dissociation limit of {H}$_2$ --- evidence of the dissociation
                  of very high vibrational {R}ydberg states of {H}$_2$ by
                  doubly-excited states",
  JOURNAL =      "Chemical Physics Letters",
  PAGES =        "260-266",
  VOLUME =       224,
  NUMBER =       10,
  YEAR =         1994,
}

@ARTICLE{MELLINGER96,
  AUTHOR =       "Mellinger, A. and Vidal, C. R. and Jungen, Ch.",
  TITLE =        "Laser reduced fluorescence study of the carbon-monoxide nd
                  triplet {R}ydberg series-experimental results and multichannel
                  quantum-defect analysis",
  JOURNAL =      "J. Chem. Phys.",
  PAGES =        "8913-8921",
  VOLUME =       104,
  NUMBER =       5,
  YEAR =         1996,
}

@ARTICLE{SHELL02,
  AUTHOR =       "Michael Shell",
  TITLE =        "How to Use the {IEEEtran \LaTeX} Class",
  JOURNAL =      "Journal of {\LaTeX} Class Files",
  YEAR =         2002,
  VOLUME =       12,
  NUMBER =       4,
  PAGES =        "100--120"
}

@TechReport{NPB2,
  title =        {The {NAS} Parallel Benchmarks 2.0},
  author =       {Alex Woo and David Bailey and Maurice Yarrow and Wijngaart
                  Wijngaart and Tim Harris and William Saphir},
  year =         1995,
  month =        dec # "~05",
  institution =  "The Pennsylvania State University CiteSeer Archives",
  url =          "http://www.nasa.org/"
}

@INPROCEEDINGS{DPMG,
  author =       {Kim, Sangbum and Woo, Namyoon and Yeom, Heon Y. and Park,
                  Taesoon and Park, Hyoungwoo},
  title =        {Design and {I}mplementation of {D}ynamic {P}rocess
                  {M}anagement for {G}rid-enabled {MPICH}},
  booktitle =    {the 10th European PVM/MPI Users' Group Conference},
  year =         2003,
  address =      {Venice, Italy},
  month =        sep,
}

@INPROCEEDINGS{cnproceed,
  author =       {王重阳 and 黄药师 and 欧阳峰 and 洪七公 and 段皇帝},
  title =        {武林高手从入门到精通},
  booktitle =    {第~$N$~次华山论剑},
  year =         2006,
  address =      {西安, 中国},
  month =        sep,
  lang =         "zh",
}

@ARTICLE{cnarticle,
  AUTHOR =       "贾宝玉 and 林黛玉 and 薛宝钗 and 贾探春",
  TITLE =        "论刘姥姥食量大如牛之现实意义",
  JOURNAL =      "红楼梦杂谈",
  PAGES =        "260--266",
  VOLUME =       224,
  YEAR =         1800,
  LANG =         "zh",
}

@MastersThesis{zhubajie,
  author =       {猪八戒},
  title =        {论流体食物的持久保存},
  school =       {广寒宫大学},
  year =         2005,
  address =      {北京},
  lang =         "zh",
}

@PhdThesis{shaheshang,
  author =       {沙和尚},
  title =        {论流沙河的综合治理},
  school =       {清华大学},
  year =         2005,
  address =      {北京},
  lang =         "zh",
}

@MastersThesis{metamori2004,
  author =       {Ashwin Raju Jeyakumar},
  title =        {Metamori: A library for Incremental File Checkpointing},
  school =       {Virgina Tech},
  year =         2004,
  month =        jun # "~21",
  address =      {Blacksburg},
}

@PHDTHESIS{FistSystem01,
  AUTHOR =       "Erez Zadok",
  TITLE =        "{FiST: A System for Stackable File System Code Generation}",
  YEAR =         2001,
  MONTH =        "May",
  SCHOOL =       "Computer Science Department, Columbia University",
  ADDRESS =      "USA"
}

@INBOOK{ColdSources,
  AUTHOR =       {P. Gr{\"o}ning and L. Nilsson and P. Ruffieux and R.
                  Clergereaux and O. Gr{\"o}ning},
  TITLE =        {Encyclopedia of Nanoscience and Nanotechnology},
  pages =        {547--579},
  PUBLISHER =    {American Scientific Publishers},
  YEAR =         2004,
  volume =       1,
}