@mastersthesis{LLLbackground,
author={梁立龙},
title={风电高渗透率电力系统的暂态稳定性风险评估与控制},
school={哈尔滨工业大学},
year={2015},
type={硕士论文},
month={5},
}
%1.2.1脆弱性研究起源
@article{origin64,
author={Jaok.Han and Perfecto.Garcia.De Jalon and Gordon.K..Moe},
title={Adrenergic Effects on Ventricular Vulnerability},
journal={Circulation Research},
year={1964},
volume={14},
number={6},
pages={516-524},
month={1},
}
@article{origin71,
title = "Vulnerability of developing brain: VII. Permanent deficit of neurons in cerebral and cerebellar cortex following early mild undernutrition",
journal = "Experimental Neurology",
volume = "32",
number = "3",
pages = "439 - 447",
year = "1971",
author = "John Dobbing and J.W. Hopewell and Anthony Lynch",
}
@article{origin74,
 author = {David Jacobs},
 journal = {Administrative Science Quarterly},
 number = {1},
 pages = {45--59},
 publisher = {[Sage Publications, Inc., Johnson Graduate School of Management, Cornell University]},
 title = {Dependency and Vulnerability: An Exchange Approach to the Control of Organizations},
 volume = {19},
 year = {1974}
}
@article{origin1,
title = "Integrated flash flood vulnerability assessment: Insights from East Attica, Greece",
journal = "Journal of Hydrology",
volume = "541",
pages = "553 - 562",
year = "2016",
note = "Flash floods, hydro-geomorphic response and risk management",
issn = "0022-1694",
doi = "https://doi.org/10.1016/j.jhydrol.2016.02.052",
url = "http://www.sciencedirect.com/science/article/pii/S002216941630097X",
author = "Konstantinos Karagiorgos and Thomas Thaler and Micha Heiser and Johannes Hübl and Sven Fuchs",
}
@article{origin2,
title = "Vulnerability matrix of the food system: Operationalizing vulnerability and addressing food security",
journal = "Journal of Cleaner Production",
volume = "135",
pages = "1242 - 1255",
year = "2016",
issn = "0959-6526",
doi = "https://doi.org/10.1016/j.jclepro.2016.07.018",
url = "http://www.sciencedirect.com/science/article/pii/S0959652616309064",
author = "Ari Paloviita and Teea Kortetmäki and Antti Puupponen and Tiina Silvasti",
}
@article{origin3,
title = "Inherent vulnerability assessment of rural households based on socio-economic indicators using categorical principal component analysis: A case study of Kimsar region, Uttarakhand",
journal = "Ecological Indicators",
volume = "85",
pages = "93 - 104",
year = "2018",
issn = "1470-160X",
doi = "https://doi.org/10.1016/j.ecolind.2017.10.014",
url = "http://www.sciencedirect.com/science/article/pii/S1470160X17306386",
author = "Shipra Rajesh and Suresh Jain and Prateek Sharma",
}
@article{origin4,
title = "Assessing spatial vulnerability from rapid urbanization to inform coastal urban regional planning",
journal = "Ocean & Coastal Management",
volume = "123",
pages = "53 - 65",
year = "2016",
issn = "0964-5691",
doi = "https://doi.org/10.1016/j.ocecoaman.2016.01.010",
url = "http://www.sciencedirect.com/science/article/pii/S0964569116300102",
author = "Yangfan Li and Xiaoxiang Zhang and Xingxing Zhao and Shengquan Ma and Huhua Cao and Junkuo Cao",
}
@article{origin5,
title = "Economic vulnerability of methadone maintenance patients: Implications for policies on co-payment services",
journal = "International Journal of Drug Policy",
volume = "31",
pages = "131 - 137",
year = "2016",
issn = "0955-3959",
doi = "https://doi.org/10.1016/j.drugpo.2016.01.017",
url = "http://www.sciencedirect.com/science/article/pii/S0955395916000402",
author = "Bach Xuan Tran and Huong Thu Thi Phan and Long Hoang Nguyen and Cuong Tat Nguyen and Anh Tuan Le Nguyen and Tuan Nhan Le and Carl A. Latkin",
}
@article{origin6,
title = "Development and assessment of indices to determine stream fish vulnerability to climate change and habitat alteration",
journal = "Ecological Indicators",
volume = "67",
pages = "403 - 416",
year = "2016",
issn = "1470-160X",
doi = "https://doi.org/10.1016/j.ecolind.2016.03.013",
url = "http://www.sciencedirect.com/science/article/pii/S1470160X16301170",
author = "Nicholas A. Sievert and Craig P. Paukert and Yin-Phan Tsang and Dana Infante",
}
@article{origin7,
title = "Spatial assessment of climate change vulnerability at city scale: A study in Bangalore, India",
journal = "Land Use Policy",
volume = "58",
pages = "514 - 532",
year = "2016",
issn = "0264-8377",
doi = "https://doi.org/10.1016/j.landusepol.2016.08.018",
url = "http://www.sciencedirect.com/science/article/pii/S0264837716301363",
author = "Parveen Kumar and Davide Geneletti and Harini Nagendra",
}
@article{origin9,
title = "Vulnerability of nodes under controlled network topology and flow autocorrelation conditions",
journal = "Journal of Transport Geography",
volume = "59",
pages = "77 - 87",
year = "2017",
issn = "0966-6923",
doi = "https://doi.org/10.1016/j.jtrangeo.2017.02.002",
url = "http://www.sciencedirect.com/science/article/pii/S0966692317300844",
author = "Fernando A. López and Antonio Páez and Juan A. Carrasco and Natalia A. Ruminot",
}
@article{origin10,
title = "A GIS-based approach to identify the spatial variability of social vulnerability to seismic hazard in Italy",
journal = "Applied Geography",
volume = "74",
pages = "12 - 22",
year = "2016",
issn = "0143-6228",
doi = "https://doi.org/10.1016/j.apgeog.2016.06.014",
url = "http://www.sciencedirect.com/science/article/pii/S0143622816301722",
author = "Ivan Frigerio and Stefania Ventura and Daniele Strigaro and Matteo Mattavelli and Mattia De Amicis and Silvia Mugnano and Mario Boffi",
}

@article{origin11,
author={石先武 and 国志兴 and 张尧 and 方佳毅 and 胡可嘉 and 刘钦政},
title={风暴潮灾害脆弱性研究综述},
journal={地理科学进展},
year={2016},
volume={35},
number={7},
pages={889-897},
month={10},
}

@mastersthesis{origin12,
author={古荭欢},
title={基于社区尺度的上海市自然灾害社会脆弱性评估},
school={上海师范大学},
year={2016},
type={硕士论文},
month={9},
}

@mastersthesis{origin13,
author={王艳梅},
title={黄河三角洲自然灾害社会脆弱性评价研究},
school={山东师范大学},
year={2016},
type={硕士论文},
month={3},
}

@article{origin14,
author={何艳冰 and 黄晓军 and 翟令鑫 and 闫倩 and 杨新军},
title={西安快速城市化边缘区社会脆弱性评价与影响因素},
journal={地理学报},
year={2016},
volume={71},
number={8},
pages={1315-1328},
month={9},
}

@article{origin15,
author={张明 and 谢家智},
title={巨灾社会脆弱性动态特征及驱动因素考察},
journal={统计与决策},
year={2017},
number={20},
pages={56-60},
month={11},
}

@article{origin17,
author={侯文娟 and 高江波 and 彭韬 and 吴绍洪 and 戴尔阜},
title={结构—功能—生境框架下的西南喀斯特生态系统脆弱性研究进展},
journal={地理科学进展},
year={2016},
volume={35},
number={3},
pages={320-330},
month={7},
}

@article{origin18,
author={温晓金 and 杨新军 and 王子侨},
title={多适应目标下的山地城市社会—生态系统脆弱性评价},
journal={地理研究},
year={2016},
volume={35},
number={2},
pages={299-312},
month={3},
}

@article{origin19,
author={姚雄 and 余坤勇 and 刘健 and 杨素萍 and 何平 and 邓洋波 and 俞欣妍 and 陈樟昊},
title={南方水土流失严重区的生态脆弱性时空演变},
journal={应用生态学报},
year={2016},
volume={27},
number={3},
pages={735-745},
month={4},
}

@mastersthesis{origin20,
author={高涛涛},
title={“新丝绸之路经济带”石油资源型城市经济系统脆弱性研究-以克拉玛依和大庆为例},
school={山西师范大学},
year={2016},
type={硕士论文},
month={11},
}

@article{origin21,
author={李博 and 杨智 and 苏飞 and 孙才志 and 许妍 and 郭建科 and 王泽宇},
title={基于集对分析的中国海洋经济系统脆弱性研究},
journal={地理科学},
year={2016},
number={1},
pages={47-54},
month={5},
}

@article{origin23,
author={奚旭 and 孙才志 and 吴彤 and 郑德凤},
title={下辽河平原地下水脆弱性的时空演变},
journal={生态学报},
year={2016},
volume={36},
number={10},
pages={3074-3083},
month={6},
}

@article{origin25,
author={刘倩倩 and 陈岩},
title={基于粗糙集和BP神经网络的流域水资源脆弱性预测研究——以淮河流域为例},
journal={长江流域资源与环境},
year={2016},
volume={25},
number={9},
pages={1317-1327},
month={10},
}

@article{origin26,
author={任梅 and 程钰 and 任建兰},
title={成熟期石油资源型城市人地系统脆弱性评估——以山东省东营市为例},
journal={湖南师范大学自然科学学报},
year={2017},
volume={40},
number={4},
pages={1-7},
month={9},
}

@phdthesis{origin27,
author={杨艳茹},
title={石油城市人地系统脆弱性评价与可持续发展模式研究 -以大庆市为例},
school={东北师范大学},
year={2015},
type={博士论文},
month={1},
}

@phdthesis{origin28,
author={袁朋伟},
title={城市轨道交通系统脆弱性研究},
school={北京交通大学},
year={2016},
type={博士论文},
month={3},
}

@mastersthesis{origin29,
author={毕京浩},
title={基于多层复杂网络理论的交通网络脆弱性研究},
school={济南大学},
year={2016},
type={硕士论文},
month={4},
}

@inproceedings{Makila1999Fragility,
  title={Fragility and robustness puzzles},
  author={Makila, P. M},
  booktitle={American Control Conference, 1999. Proceedings of the},
  pages={2914-2919 vol.4},
  year={1999},
}

@article{Bessa2017Formal,
  title={Formal Non-Fragile Stability Verification of Digital Control Systems with Uncertainty},
  author={Bessa, Iury and Ismail, Hussama and Palhares, Reinaldo and Cordeiro, Lucas and Filho, Joa Edgar Chaves},
  journal={IEEE Transactions on Computers},
  volume={66},
  number={3},
  pages={545-552},
  year={2017},
}

@phdthesis{origin30,
author={叶青},
title={城市轨道交通网络脆弱性分析与客流协同控制研究},
school={西南交通大学},
year={2016},
type={博士论文},
month={4},
}

@ARTICLE{PPower1,
author={Qin Zhou and J. Davidson and A. A. Fouad},
journal={IEEE Transactions on Power Systems},
title={Application of artificial neural networks in power system security and vulnerability assessment},
year={1994},
volume={9},
number={1},
pages={525-532},
month={Feb},
}

@mastersthesis{PPower2,
author={申永涛},
title={电力系统脆弱性节点的筛选方法研究},
school={华北电力大学;华北电力大学(北京)},
year={2014},
type={硕士论文},
month={4},
}

@article{PPower38,
author={梅丹 and 王公宝 and 胡伟文 and 沈静},
title={基于复杂网络理论的电力系统脆弱性研究概述},
journal={电子设计工程},
year={2014},
volume={22},
number={6},
pages={190-192},
month={4},
}

@article{PPower39,
author={苏慧玲 and 李扬},
title={基于电力系统复杂网络特征的线路脆弱性风险分析},
journal={电力自动化设备},
year={2014},
volume={34},
number={2},
pages={101-107},
month={3},
}

@article{PPower40,
author={梁颖 and 方瑞明 and 卢小芬 and 鲁顺},
title={基于复杂网络理论的电力系统脆弱线路辨识研究现状},
journal={电力系统保护与控制},
year={2012},
number={20},
pages={151-155},
month={11},
}

@article{PPower411,
author={李迁 and 李华强 and 黄昭蒙 and 李艳卿},
title={基于暂态能量函数混合法的电力系统脆弱性分析},
journal={电力系统保护与控制},
year={2013},
number={20},
pages={1-6},
month={11},
}

@misc{PPower412,
title={电力系统低频振荡关键支路及振荡割集辨识方法},
howpublished={Patent},
}

@phdthesis{PPower001,
author={吴旭},
title={基于N-k故障的电力系统运行风险及脆弱性评估},
school={华北电力大学;华北电力大学(北京)},
year={2013},
type={博士论文},
month={12},
}

@article{PPower030,
author={靳冰洁 and 张步涵 and 姚建国 and 杨胜春 and 邓韦斯 and 邵剑},
title={基于信息熵的大型电力系统元件脆弱性评估},
journal={电力系统自动化},
year={2015},
volume={39},
number={5},
pages={61-68},
month={5},
}

@article{PPower020,
author={白加林 and 徐梅梅},
title={基于不确定理论的电力系统脆弱性评估},
journal={贵州电力技术},
year={2015},
volume={18},
number={5},
pages={7-12},
month={11},
}

@article{PPower031,
author={丁明 and 过羿 and 张晶晶},
title={基于效用风险熵的复杂电网连锁故障脆弱性辨识},
journal={电力系统自动化},
year={2013},
volume={37},
number={17},
pages={52-57},
month={11},
}

@article{PPower032,
author={丁少倩 and 林涛 and 徐遐龄 and 黄景慧 and 田春筝},
title={基于改进的AHP-熵权法的电网综合脆弱性评估方法研究},
journal={电测与仪表},
year={2017},
volume={54},
number={4},
pages={28-33,68},
month={4},
}

@inproceedings{PPower021,
author={屈培先 and 阳育德},
title={考虑概率风险评估的电力系统脆弱性分析},
booktitle={中国高等学校电力系统及其自动化专业第30届学术年会论文集},
year={2014},
pages={1-4},
address={北京},
month={10},
organization={[天津大学, 华中理工大学, 西安交通大学]},
}

@misc{PPower003,
title={一种冰冻灾害下高压输电线路脆弱性的综合评估方法},
howpublished={Patent},
}

@mastersthesis{PPowerDef,
author={樊磊},
title={网络攻击威胁下电力系统脆弱性分析模型与方法},
school={华北电力大学;华北电力大学(北京)},
year={2015},
type={硕士论文},
month={1},
}

@mastersthesis{PPowerDef2,
author={余振华},
title={基于安全风险分析的复杂电力系统脆弱性评估方法研究},
school={华中科技大学},
year={2013},
type={硕士论文},
month={3},
}
@article{windStability1,
author={张军},
title={风力发电系统稳定性研究与分析},
journal={自动化仪表},
year={2018},
volume={39},
number={9},
pages={17-20,24},
month={9},
}

@article{windStability2,
author={彭亮},
title={影响风力发电机组并网系统稳定性的因素分析},
journal={电子设计工程},
year={2017},
volume={25},
number={15},
pages={85-89},
month={8},
}

@mastersthesis{windStability3,
author={梁立龙},
title={风电高渗透率电力系统的暂态稳定性风险评估与控制},
school={哈尔滨工业大学},
year={2015},
type={硕士论文},
month={5},
}

@article{windRelibility3,
author={秦洋 and 马慧民 and 陈玉晶},
title={基于马尔可夫模型的风力发电系统可靠性分析},
journal={机电工程},
year={2015},
volume={32},
number={8},
pages={1136-1140},
month={9},
}

@article{windRelibility2,
author={张里 and 李红军 and 刘兴海 and 张健美 and 王婷婷 and 黄忠胜 and 张江林},
title={风力发电系统可靠性评估体系},
journal={四川电力技术},
year={2018},
volume={41},
number={2},
pages={5-11},
month={7},
}

@article{windRelibility1,
author={李忠善 and 杜文珍},
title={风力发电系统可靠性建模与优化检修策略},
journal={建筑工程技术与设计},
year={2017},
number={26},
pages={1403-1403},
month={11},
}

@article{windPowerVuln1,
author={赵任光 and 刘群英 and 陈树恒 and 张昌华 and 高旭光 and 陈明华},
title={风电场出力随机扰动下的电网概率脆弱性评估},
journal={现代电力},
year={2018},
volume={35},
number={5},
pages={41-48},
month={11},
}
@phdthesis{windPowerVuln3,
author={李俊芳},
title={含风电场的电力系统运行风险分析方法研究},
school={华中科技大学},
year={2012},
type={博士论文},
month={5},
}

@article{windPowerVuln2,
author={申永涛 and 刘宗歧 and 刘文霞 and 吴旭 and 徐继凯},
title={风电接入对电力系统节点脆弱性的影响分析},
journal={现代电力},
year={2013},
volume={30},
number={6},
pages={1-5},
month={2},
}
%国外文献-风力发电系统可靠性
@ARTICLE{enReliability1,
author={Y. Zhang and Y. Xiang and L. Wang},
journal={IEEE Transactions on Smart Grid},
title={Power System Reliability Assessment Incorporating Cyber Attacks Against Wind Farm Energy Management Systems},
year={2017},
volume={8},
number={5},
pages={2343-2357},
month={Sept},}
@INPROCEEDINGS{enReliability2,
author={Fang Cao and Xiang Gao and Junwei Yu},
booktitle={2012 IEEE International Conference on Power System Technology (POWERCON)},
title={Study on reliability assessment of composite generation and transmission system integrated wind farm},
year={2012},
volume={},
number={},
pages={1-5},
month={Oct},}
@INPROCEEDINGS{enReliability3,
author={Q. Wang and C. B. Martinez-Anido and H. Wu and A. Florita and B. Hodge},
booktitle={2017 IEEE Power Energy Society General Meeting},
title={Quantifying the economic and grid reliability impacts of improved wind power forecasting},
year={2017},
volume={},
number={},
pages={1-1},
month={July},}

%国外文献-风力发电系统稳定性
@INPROCEEDINGS{enStability1,
author={C. Marinescu and I. Serban},
booktitle={2009 IEEE Power Electronics and Machines in Wind Applications},
title={Analysis of frequency stability in a residential autonomous microgrid based on a wind turbine and a Microhydro power plant},
year={2009},
volume={},
number={},
pages={1-5},
month={June},}
@INPROCEEDINGS{enStability2,
author={X. Chen and W. Du and H. F. Wang},
booktitle={2017 2nd International Conference on Power and Renewable Energy (ICPRE)},
title={Power system angular stability as affected by the reduced inertia due to wind displacing synchronous generators},
year={2017},
volume={},
number={},
pages={402-406},
month={Sept},}
@INPROCEEDINGS{enStability3,
author={L. Chen and Y. Dai and Y. Min and K. Hou},
booktitle={2015 IEEE PES Asia-Pacific Power and Energy Engineering Conference (APPEEC)},
title={Study on the mechanism of transient voltage stability of wind power with power electronic interface},
year={2015},
volume={},
number={},
pages={1-5},
month={Nov},}
%英文风力脆弱性
@ARTICLE{enVuln1,
author={M. H. Athari and Z. Wang},
journal={IEEE Transactions on Sustainable Energy},
title={Impacts of Wind Power Uncertainty on Grid Vulnerability to Cascading Overload Failures},
year={2018},
volume={9},
number={1},
pages={128-137},
month={Jan},}
@ARTICLE{enVuln2,
author={A. H. Soloot and H. K. Høidalen and B. Gustavsen},
journal={IEEE Transactions on Dielectrics and Electrical Insulation},
title={Influence of the winding design of wind turbine transformers for resonant overvoltage vulnerability},
year={2015},
volume={22},
number={2},
pages={1250-1257},
month={April},}
@ARTICLE{enVuln3,
author={B. Liu and Z. Li and X. Chen and Y. Huang and X. Liu},
journal={IEEE Transactions on Circuits and Systems II: Express Briefs},
title={Recognition and Vulnerability Analysis of Key Nodes in Power Grid Based on Complex Network Centrality},
year={2018},
volume={65},
number={3},
pages={346-350},
month={March},}
@INPROCEEDINGS{enVuln4,
author={Z. Xue and L. Tao and D. Shaoqian and X. Xialing and C. Rusi},
booktitle={International Conference on Renewable Power Generation (RPG 2015)},
title={Research on state vulnerability of power grid with large scale new energy sources based on short circuit capacity margin},
year={2015},
volume={},
number={},
pages={1-5},
month={Oct},}
%第二章
@INPROCEEDINGS{PVcurve,
author={P. Vijayan and S. Sarkar and V. Ajjarapu},
booktitle={2009 IEEE Power Energy Society General Meeting},
title={A novel voltage stability assessment tool to incorporate wind variability},
year={2009},
volume={},
number={},
pages={1-8},
month={July},
}

@INPROCEEDINGS{loadModel,
author={P. Wei and J. Liu and Q. Zhou and J. Chen and N. Zhang},
booktitle={2017 IEEE 2nd International Conference on Big Data Analysis (ICBDA)(},
title={Research on impact of prediction error of new energy on power grid based on probabilistic power flow algorithm},
year={2017},
volume={},
number={},
pages={573-577},
month={March},}
%概率潮流计算脆弱性的外文
@INPROCEEDINGS{8078699,
author={P. Wei and J. Liu and Q. Zhou and J. Chen and N. Zhang},
booktitle={2017 IEEE 2nd International Conference on Big Data Analysis (ICBDA)(},
title={Research on impact of prediction error of new energy on power grid based on probabilistic power flow algorithm},
year={2017},
volume={},
number={},
pages={573-577},
month={March},}
%第三章复杂网络
@mastersthesis{networkE,
author={王意},
title={复杂电力网络的动力学行为及关键节点识别研究},
school={广西师范大学},
year={2017},
type={硕士论文},
month={11},
}
@article{networkE2,
author={术茜},
title={基于复杂网络理论的电网脆弱线路的识别},
journal={电力与能源进展},
year={2018},
volume={6},
number={2},
pages={104-108},
month={1},
}
@article{networkE3,
author={唐伟 and 南璐 and 石玉东 and 张华 and 常晓青 and 刘天琪},
title={复杂网络理论下的电网分区及输电断面搜索方法},
journal={科学技术与工程},
year={2018},
volume={18},
number={16},
pages={198-204},
month={8},
}

@article{networkE4,
author={汪颖 and 王宗涛 and 黄小浪},
title={基于复杂网络理论的电网结构研究},
journal={科学与信息化},
year={2018},
number={4},
pages={130-131},
month={3},
}
@article{elecDu1,
author={王龙飞 and 王建华},
title={基于电气介数的电网连锁故障传播机制与积极防御},
journal={建筑工程技术与设计},
year={2018},
number={17},
pages={4311},
month={8},
}

@article{elecDu2,
author={陈伟 and 段芯 and 裴喜平 and 马彦宏 and 刘福潮},
title={基于电气介数的电网关键环节辨识},
journal={甘肃科学学报},
year={2017},
volume={29},
number={4},
pages={48-53},
month={9},
}

@article{elecDu3,
author={徐岩 and 郅静},
title={基于改进节点电气介数的电网关键节点辨识},
journal={电力系统及其自动化学报},
year={2017},
volume={29},
number={9},
pages={107-113},
month={10},
}

@article{PR1,
author={王玙 and 刘东苏},
title={基于PageRank的动态网络核心节点检测及演化分析},
journal={情报学报},
year={2018},
volume={37},
number={7},
pages={703-711},
month={9},
}

@article{PR2,
author={王东升},
title={基于PageRank改进算法的微博影响力排名},
journal={现代计算机（专业版）},
year={2015},
number={19},
pages={27-29,35},
month={12},
}

@article{PR3,
author={白莹莹},
title={PageRank算法在学术网络平台中的应用研究},
journal={无线互联科技},
year={2017},
number={17},
pages={110-111},
month={9},
}
@mastersthesis{PRNET,
author={单政博},
title={电网重要节点、脆弱线路及骨干网架识别研究},
school={浙江大学},
year={2017},
type={硕士论文},
month={7},
}
@article{metcrlo1,
author={张建波 and 张忠伟 and 杨洋},
title={改进拉丁超立方蒙特卡洛模拟},
journal={吉林大学学报（信息科学版）},
year={2018},
volume={36},
number={4},
pages={452-458},
month={9},
}

@article{metcrlo2,
author={严玲玲 and 程银宝 and 陈晓怀 and 李红莉 and 范超},
title={蒙特卡洛法验证不确定度A类评定方法},
journal={河南科技大学学报（自然科学版）},
year={2018},
volume={39},
number={5},
pages={17-20},
month={8},
}

@article{metcrlo3,
author={魏源},
title={基于蒙特卡洛方法的互联网金融风险测度研究},
journal={技术经济与管理研究},
year={2018},
number={9},
pages={79-83},
month={10},
}
%第四章
@article{DS1,
author={秦庭荣 and 丁宁 and 胡勤友 and 张晓东 and 钱继成},
title={基于证据理论的船舶应急脆弱性评估},
journal={中国航海},
year={2016},
volume={39},
number={2},
pages={35-39},
month={8},
}

@article{DS2,
author={李磊 and 倪鹏炯 and 金段艳 and 陈怡伶},
title={基于证据理论的地铁应急体系脆弱性评估研究},
journal={浙江师范大学学报（自然科学版）},
year={2017},
volume={40},
number={3},
pages={336-342},
month={8},
}

@article{DS3,
author={吴松涛 and 战兴群 and 张晓婷},
title={基于证据推理的GNSS交通应用脆弱性评估},
journal={测控技术},
year={2016},
volume={35},
number={4},
pages={128-131},
month={6},
}
